@article{abdel2023blockchain,
  title={Blockchain Revolutionizing Healthcare Industry: A Systematic Review of Blockchain Technology Benefits and Threats},
  author={AbdelSalam, Fatma M},
  journal={Perspectives in Health Information Management},
  volume={20},
  number={3},
  pages={1b},
  year={2023},
  publisher={American Health Information Management Association}
}
@article{damar2025blockchain,
  title={Blockchain Applications in Core Healthcare Services: Patient Data, Research, and Institutional Processes},
  author={Damar, Muhammet and Aydin, {\"O}mer and Erenay, Fatih Safa},
  journal={Blockchain in Healthcare Today},
  volume={8},
  number={2},
  year={2025}
}
@article{ekblaw2016case,
  title={A case study for blockchain in healthcare:‘MedRec’prototype for electronic health records and medical research data},
  author={Ekblaw, Ariel and Azaria, Asaf and Halamka, John D and Lippman, Andrew and Vieira, Thiago},
  journal={white paper},
  year={2016}
}
@article{zhang2018fhirchain,
  title={FHIRChain: applying blockchain to securely and scalably share clinical data},
  author={Zhang, Peter and White, Jules and Schmidt, Douglas C and Lenz, Gunther},
  journal={Computational and structural biotechnology journal},
  volume={16},
  pages={267--278},
  year={2018},
  publisher={Elsevier}
}
@article{hylock2019blockchain,
  title={A blockchain framework for patient-centered health records and exchange (HealthChain): evaluation and proof-of-concept study},
  author={Hylock, RH and Zeng, X},
  journal={Journal of medical Internet research},
  volume={21},
  number={8},
  pages={e13592},
  year={2019},
  publisher={JMIR Publications Inc., Toronto, Canada}
}
@article{griggs2018blockhealth,
  title={BlockHealth: A patient-centric platform for healthcare data},
  author={Griggs, K and Ossipova, O and Kohlios, C and Baccarini, A and Howson, E and Hayajneh, T},
  journal={Journal of medical systems},
  volume={42},
  pages={1--7},
  year={2018},
  publisher={Springer}
}