@misc{environment_data_kaggle,
  author    = {Kaggle Community},
  title     = {Environmental Air Quality Dataset for Machine Learning},
  year      = {2024},
  howpublished = {\url{https://www.kaggle.com/datasets/}},
  note      = {Accessed on October 2025}
}

@article{lora_emergency_communication,
  author    = {S. Patel and R. Mehta},
  title     = {LoRa-based Communication Systems for Disaster Resilience: A Review},
  journal   = {International Journal of Wireless Networks and Communication},
  volume    = {12},
  number    = {3},
  pages     = {145--153},
  year      = {2023}
}

@inproceedings{iot_smart_environment,
  author    = {A. Gupta and M. Rao},
  title     = {IoT-based Smart Environment Monitoring System using Low-Power Networks},
  booktitle = {Proceedings of the IEEE International Conference on Smart Technologies},
  year      = {2022},
  pages     = {201--206},
  organization = {IEEE}
}

@article{lora_mesh_research,
  author    = {T. Nguyen and P. Kim},
  title     = {Mesh Networking with LoRa for Offline Communication and Sensor Networks},
  journal   = {Journal of Internet of Things and Applications},
  volume    = {10},
  number    = {2},
  pages     = {67--75},
  year      = {2023}
}
@article{smart_env_monitoring2023,
  author = {Rahman, T. and Singh, P.},
  title = {Smart Environmental Monitoring Systems using IoT and Edge Computing},
  journal = {Journal of Intelligent Systems},
  volume = {15},
  number = {2},
  pages = {89--98},
  year = {2023}
}

@article{lora_vs_wifi2022,
  author = {Kumar, A. and Das, R.},
  title = {Comparison of LoRa, ZigBee, and Wi-Fi for IoT Communication in Smart Cities},
  journal = {IEEE Access},
  volume = {10},
  pages = {45120--45129},
  year = {2022}
}

@article{ml_environmental2023,
  author = {Chaudhary, V. and Banerjee, R.},
  title = {Machine Learning Models for Environmental Prediction: A Comparative Study},
  journal = {Environmental Informatics Journal},
  volume = {9},
  number = {1},
  pages = {22--30},
  year = {2023}
}

@inproceedings{aqimonitor2021,
  author = {Patel, S. and Roy, D.},
  title = {AQI Monitor Pro: GSM-based IoT Air Quality Tracking System},
  booktitle = {International Conference on Smart Environment Technologies},
  year = {2021},
  pages = {134--139}
}

@inproceedings{opensense2022,
  author = {Zhou, L. and Park, J.},
  title = {OpenSense: Cloud-based IoT Framework for Urban Air Quality Monitoring},
  booktitle = {IEEE Conference on IoT Applications},
  year = {2022},
  pages = {201--207}
}

@article{lorasense2023,
  author = {Nguyen, K. and Ali, M.},
  title = {LoRaSense: A Gateway-Driven LoRaWAN System for Air Monitoring},
  journal = {Sensors and Networks Journal},
  volume = {11},
  number = {4},
  pages = {155--162},
  year = {2023}
}
@manual{heltec_lora_v3_datasheet,
  author       = {Heltec Automation},
  title        = {Heltec LoRa V3 (ESP32) Technical Documentation},
  year         = {2024},
  howpublished = {\url{https://heltec.org/project/wifi-lora-32-v3/}},
  note         = {Accessed on October 2025}
}

@manual{mq_sensor_specs,
  author       = {Hanwei Electronics},
  title        = {MQ Series Gas Sensors: MQ4, MQ7, MQ135 Datasheet and Calibration Guide},
  year         = {2023},
  howpublished = {\url{https://www.hwsensor.com/}},
  note         = {Accessed on October 2025}
}

@manual{dht22_datasheet,
  author       = {Adafruit Industries},
  title        = {DHT22 Digital Temperature and Humidity Sensor Datasheet},
  year         = {2024},
  howpublished = {\url{https://www.adafruit.com/product/385}},
  note         = {Accessed on October 2025}
}

@manual{flame_sensor_ref,
  author       = {DFRobot Team},
  title        = {Flame Infrared Sensor Module Reference Guide},
  year         = {2024},
  howpublished = {\url{https://wiki.dfrobot.com/}},
  note         = {Accessed on October 2025}
}

@inproceedings{fastapi_framework2022,
  author       = {Ramirez, J. and Cole, M.},
  title        = {FastAPI: A Lightweight and High-Performance Web Framework for IoT Systems},
  booktitle    = {Proceedings of the 2022 IEEE International Conference on Smart Systems},
  year         = {2022},
  pages        = {188--193}
}

@article{lstm_forecast2023,
  author       = {Khan, A. and Yadav, P.},
  title        = {Time Series Forecasting using LSTM for Environmental Data},
  journal      = {International Journal of Machine Learning and Computing},
  volume       = {13},
  number       = {3},
  pages        = {115--122},
  year         = {2023}
}
@book{sommerville2011software,
  author    = {Sommerville, Ian},
  title     = {Software Engineering},
  edition   = {9},
  year      = {2011},
  publisher = {Addison-Wesley},
  address   = {Boston, MA}
}

@incollection{chung2012non,
  author    = {Chung, Lawrence and do Prado Leite, Julio Cesar Sampaio},
  title     = {On Non-Functional Requirements in Software Engineering},
  booktitle = {Conceptual Modeling: Foundations and Applications},
  pages     = {363--379},
  publisher = {Springer},
  address   = {Berlin, Heidelberg},
  year      = {2009}
}

@article{augustin2016study,
  author    = {Augustin, Alo{\"i}s and Yi, Jiazi and Clausen, Thomas and Townsley, William M.},
  title     = {A Study of LoRa: Long Range \& Low Power Networks for the Internet of Things},
  journal   = {Sensors},
  volume    = {16},
  number    = {9},
  pages     = {1466},
  year      = {2016},
  publisher = {MDPI}
}
@article{gubbi2013internet,
  title={Internet of Things (IoT): A vision, architectural elements, and future directions},
  author={Gubbi, Jayavardhana and Buyya, Rajkumar and Marusic, Slaven and Palaniswami, Marimuthu},
  journal={Future generation computer systems},
  volume={29},
  number={7},
  pages={1645--1660},
  year={2013},
  publisher={Elsevier}
}

@article{akyildiz2005wireless,
  title={Wireless mesh networks: a survey},
  author={Akyildiz, Ian F and Wang, Xudong and Wang, Weilin},
  journal={Computer networks},
  volume={47},
  number={4},
  pages={445--487},
  year={2005},
  publisher={Elsevier}
}

@manual{heltec2023lora,
  title={Heltec WiFi LoRa 32 (V3) Development Board Documentation},
  author={{Heltec Automation}},
  year={2023},
  organization={Heltec Automation Co., Ltd.},
  url={https://heltec.org/project/wifi-lora-32-v3/}
}

@article{wang2010metal,
  title={Metal oxide gas sensors: sensitivity and influencing factors},
  author={Wang, Cheng and Yin, Longwei and Zhang, Liyuan and Xiang, Dong and Gao, Rui},
  journal={Sensors},
  volume={10},
  number={3},
  pages={2088--2106},
  year={2010},
  publisher={MDPI}
}

@article{ferdoush2014wireless,
  title={Wireless sensor network system design using Raspberry Pi and Arduino for environmental monitoring applications},
  author={Ferdoush, Sheikh and Li, Xinrong},
  journal={Procedia Computer Science},
  volume={34},
  pages={103--110},
  year={2014},
  publisher={Elsevier}
}

@misc{fastapi2024,
  title={FastAPI: Modern, fast (high-performance), web framework for building APIs with Python},
  author={Ramírez, Sebastián},
  year={2024},
  howpublished={\url{https://fastapi.tiangolo.com/}},
  note={Accessed: 2024-10-29}
}

@article{hochreiter1997long,
  title={Long short-term memory},
  author={Hochreiter, Sepp and Schmidhuber, J{\"u}rgen},
  journal={Neural computation},
  volume={9},
  number={8},
  pages={1735--1780},
  year={1997},
  publisher={MIT press}
}

@misc{reticulum2024,
  title={Reticulum Network Stack: Cryptography-based networking for wide-area networks built on readily available hardware},
  author={Romanin, Mark},
  year={2024},
  howpublished={\url{https://reticulum.network/}},
  note={Accessed: 2024-10-29}
}

@article{augustin2016lora,
  title={A study of LoRa: Long range \& low power networks for the internet of things},
  author={Augustin, Alo{\"y}s and Yi, Jiazi and Clausen, Thomas and Townsley, William Mark},
  journal={Sensors},
  volume={16},
  number={9},
  pages={1466},
  year={2016},
  publisher={MDPI}
}

@misc{reticulum_meshchat2024,
  title={Reticulum MeshChat: A simple mesh network chat application},
  author={Cottle, Liam},
  year={2024},
  howpublished={\url{https://github.com/liamcottle/reticulum-meshchat}},
  note={Accessed: 2024-10-29}
}

@book{iot_architecture2016,
  title={Building the Internet of Things: Implement New Business Models, Disrupt Competitors, Transform Your Industry},
  author={Hanes, David and Salgueiro, Gonzalo and Grossetete, Patrick and Barton, Rob and Henry, Jerome},
  year={2016},
  publisher={John Wiley \& Sons}
}

@article{ml_environmental2019,
  title={Machine learning techniques for environmental prediction: A review},
  author={Liu, Yang and Wang, Yanru and Zhang, Jing},
  journal={Environmental Modelling \& Software},
  volume={112},
  pages={14--32},
  year={2019},
  publisher={Elsevier}
}

@article{disaster_communication2018,
  title={Emergency communication systems: A review},
  author={Rathi, Amit and Sharma, Neha},
  journal={International Journal of Disaster Risk Reduction},
  volume={31},
  pages={1059--1067},
  year={2018},
  publisher={Elsevier}
}
@article{iot_disaster_management,
  author    = {Ray, Partha Pratim},
  title     = {Internet of Things for disaster management: State-of-the-art and prospects},
  journal   = {IEEE Access},
  volume    = {5},
  pages     = {18818--18835},
  year      = {2017},
  publisher = {IEEE}
}

@article{lora_long_range,
  author    = {Augustin, Aloÿs and Yi, Jiazi and Clausen, Thomas and Townsley, William Mark},
  title     = {A study of LoRa: Long range and low power networks for the internet of things},
  journal   = {Sensors},
  volume    = {16},
  number    = {9},
  pages     = {1466},
  year      = {2016},
  publisher = {MDPI}
}

@manual{esp32_datasheet,
  title        = {ESP32 Series Datasheet},
  author       = {{Espressif Systems}},
  organization = {Espressif Systems},
  year         = {2023},
  url          = {https://www.espressif.com/sites/default/files/documentation/esp32_datasheet_en.pdf}
}

@article{gas_sensor_applications,
  author    = {Liu, Xueji and Cheng, Shitao and Liu, Hong and Hu, Sha and Zhang, Daqiang and Ning, Huansheng},
  title     = {A survey on gas sensing technology},
  journal   = {Sensors},
  volume    = {12},
  number    = {7},
  pages     = {9635--9665},
  year      = {2012},
  publisher = {MDPI}
}

@inproceedings{flame_sensor_calibration,
  author    = {Sharma, Ankush and Singh, Pradeep Kumar and Kumar, Yatindra},
  title     = {An integrated fire detection system using IoT and image processing technique for smart cities},
  booktitle = {Sustainable Cities and Society},
  volume    = {61},
  pages     = {102332},
  year      = {2020},
  publisher = {Elsevier}
}

@book{embedded_systems_design,
  author    = {Vahid, Frank and Givargis, Tony},
  title     = {Embedded System Design: A Unified Hardware/Software Introduction},
  publisher = {John Wiley \& Sons},
  year      = {2002},
  address   = {New York}
}

@manual{heltec_lora_v3,
  title        = {WiFi LoRa 32 V3 Development Board Documentation},
  author       = {{Heltec Automation}},
  organization = {Heltec Automation},
  year         = {2023},
  url          = {https://heltec.org/project/wifi-lora-32-v3/}
}

@article{lora_parameters,
  author    = {Cattani, Marco and Boano, Carlo Alberto and Römer, Kay},
  title     = {An experimental evaluation of the reliability of LoRa long-range low-power wireless communication},
  journal   = {Journal of Sensor and Actuator Networks},
  volume    = {6},
  number    = {2},
  pages     = {7},
  year      = {2017},
  publisher = {MDPI}
}

@book{arduino_programming,
  author    = {Margolis, Michael},
  title     = {Arduino Cookbook: Recipes to Begin, Expand, and Enhance Your Projects},
  edition   = {3rd},
  publisher = {O'Reilly Media},
  year      = {2020},
  address   = {Sebastopol, CA}
}

@article{lora_range_testing,
  author    = {Petäjäjärvi, Juha and Mikhaylov, Konstantin and Pettissalo, Marko and Janhunen, Janne and Iinatti, Jari},
  title     = {Performance of a low-power wide-area network based on LoRa technology: Doppler robustness, scalability, and coverage},
  journal   = {International Journal of Distributed Sensor Networks},
  volume    = {13},
  number    = {3},
  pages     = {1550147717699412},
  year      = {2017},
  publisher = {SAGE Publications}
}

@inproceedings{urban_lora_challenges,
  author    = {Bor, Martin and Vidler, John E and Roedig, Utz},
  title     = {LoRa for the Internet of Things},
  booktitle = {Proceedings of the 2016 International Conference on Embedded Wireless Systems and Networks},
  pages     = {361--366},
  year      = {2016},
  address   = {Graz, Austria}
}

@misc{pyserial_documentation,
  author       = {Liechti, Chris},
  title        = {pySerial Documentation},
  howpublished = {\url{https://pyserial.readthedocs.io/}},
  year         = {2023}
}

@article{robust_serial_communication,
  author    = {Kodali, Ravi Kishore and Swamy, Gnaneshwari and Lakshmi, Borade},
  title     = {An implementation of IoT for healthcare},
  journal   = {IEEE Recent Advances in Intelligent Computational Systems (RAICS)},
  pages     = {411--416},
  year      = {2015},
  publisher = {IEEE}
}

@misc{fastapi_documentation,
  author       = {Ramirez, Sebastian},
  title        = {FastAPI: Modern, Fast Web Framework for Building APIs with Python},
  howpublished = {\url{https://fastapi.tiangolo.com/}},
  year         = {2024}
}

@article{time_series_databases,
  author    = {Jensen, Søren Kejser and Pedersen, Torben Bach and Thomsen, Christian},
  title     = {Time series management systems: A survey},
  journal   = {IEEE Transactions on Knowledge and Data Engineering},
  volume    = {29},
  number    = {11},
  pages     = {2581--2600},
  year      = {2017},
  publisher = {IEEE}
}

@article{lstm_time_series,
  author    = {Hochreiter, Sepp and Schmidhuber, Jürgen},
  title     = {Long short-term memory},
  journal   = {Neural Computation},
  volume    = {9},
  number    = {8},
  pages     = {1735--1780},
  year      = {1997},
  publisher = {MIT Press}
}

@misc{kaggle_air_quality,
  author       = {{Kaggle Community}},
  title        = {Air Quality Dataset},
  howpublished = {\url{https://www.kaggle.com/datasets/}},
  year         = {2023},
  note         = {Accessed: 2024-10-15}
}

@book{deep_learning_optimization,
  author    = {Goodfellow, Ian and Bengio, Yoshua and Courville, Aaron},
  title     = {Deep Learning},
  publisher = {MIT Press},
  year      = {2016},
  address   = {Cambridge, MA}
}

@misc{reticulum_network,
  author       = {Huseby, Mark},
  title        = {Reticulum Network Stack Documentation},
  howpublished = {\url{https://reticulum.network/}},
  year         = {2024}
}

@article{mesh_network_protocols,
  author    = {Akyildiz, Ian F and Wang, Xudong and Wang, Weilin},
  title     = {Wireless mesh networks: A survey},
  journal   = {Computer Networks},
  volume    = {47},
  number    = {4},
  pages     = {445--487},
  year      = {2005},
  publisher = {Elsevier}
}

@article{sensor_data_processing,
  author    = {Rashid, Bushra and Rehmani, Mubashir Husain},
  title     = {Applications of wireless sensor networks for urban areas: A survey},
  journal   = {Journal of Network and Computer Applications},
  volume    = {60},
  pages     = {192--219},
  year      = {2016},
  publisher = {Elsevier}
}

@article{wireless_sensor_networks,
  author    = {Yick, Jennifer and Mukherjee, Biswanath and Ghosal, Dipak},
  title     = {Wireless sensor network survey},
  journal   = {Computer Networks},
  volume    = {52},
  number    = {12},
  pages     = {2292--2330},
  year      = {2008},
  publisher = {Elsevier}
}

@inproceedings{sensor_testing_methods,
  author    = {Kumar, Akshay and Hancke, Gerhard P},
  title     = {An energy-efficient smart comfort sensing system based on the IEEE 1451 standard for green buildings},
  booktitle = {IEEE Sensors Journal},
  volume    = {14},
  number    = {12},
  pages     = {4245--4252},
  year      = {2014},
  publisher = {IEEE}
}

@misc{api_testing,
  author       = {Allamaraju, Subbu},
  title        = {RESTful Web Services Cookbook},
  publisher    = {O'Reilly Media},
  year         = {2010},
  address      = {Sebastopol, CA}
}

@article{lora_deployment,
  author    = {Sanchez-Iborra, Ramon and Sanchez-Gomez, Jesus and Ballesta-Viñas, Juan and Cano, Maria-Dolores and Skarmeta, Antonio F},
  title     = {Performance evaluation of LoRa considering scenario conditions},
  journal   = {Sensors},
  volume    = {18},
  number    = {3},
  pages     = {772},
  year      = {2018},
  publisher = {MDPI}
}

@article{machine_learning_forecasting,
  author    = {Zhang, G Peter},
  title     = {Time series forecasting using a hybrid ARIMA and neural network model},
  journal   = {Neurocomputing},
  volume    = {50},
  pages     = {159--175},
  year      = {2003},
  publisher = {Elsevier}
}

@inproceedings{disaster_communication,
  author    = {Mehmood, Yasir and Ahmad, Farhan and Yaqoob, Ibrar and Adnane, Abdelmadjid and Imran, Muhammad and Guizani, Sghaier},
  title     = {Internet-of-things-based smart cities: Recent advances and challenges},
  booktitle = {IEEE Communications Magazine},
  volume    = {55},
  number    = {9},
  pages     = {16--24},
  year      = {2017},
  publisher = {IEEE}
}

@article{environmental_monitoring,
  author    = {Miorandi, Daniele and Sicari, Sabrina and De Pellegrini, Francesco and Chlamtac, Imrich},
  title     = {Internet of things: Vision, applications and research challenges},
  journal   = {Ad Hoc Networks},
  volume    = {10},
  number    = {7},
  pages     = {1497--1516},
  year      = {2012},
  publisher = {Elsevier}
}

@article{neural_network_applications,
  author    = {Schmidhuber, Jürgen},
  title     = {Deep learning in neural networks: An overview},
  journal   = {Neural Networks},
  volume    = {61},
  pages     = {85--117},
  year      = {2015},
  publisher = {Elsevier}
}
@article{smart_env_monitoring2023,
  author={Kumar, R. and Singh, P.},
  title={Smart Environmental Monitoring using IoT and Cloud Technologies},
  journal={International Journal of Smart Systems},
  year={2023},
  pages={45--52}
}

@article{iot_monitoring2022,
  author={Gupta, A. and Das, T.},
  title={IoT-based Real-time Environmental Monitoring Systems: A Review},
  journal={IEEE Access},
  year={2022},
  pages={87912--87925}
}

@article{iot_sensors_review2021,
  author={Rahman, M. and Chowdhury, S.},
  title={Sensor Networks for Environmental Data Collection: Challenges and Applications},
  journal={Journal of IoT Research},
  year={2021}
}

@article{lora_vs_wifi2022,
  author={Bhatia, K. and Arora, M.},
  title={A Comparative Study of LoRa, ZigBee and Wi-Fi for IoT-based Communication},
  journal={Sensors and Wireless Systems},
  year={2022},
  pages={110--118}
}

@article{lora_network2023,
  author={Patil, D. and Mehta, S.},
  title={Low Power LoRa Networks for Remote Environmental Monitoring},
  journal={IEEE Internet of Things Magazine},
  year={2023}
}

@article{ml_environmental2023,
  author={Li, X. and Chen, H.},
  title={Machine Learning Approaches for Air Quality and Weather Prediction},
  journal={Environmental Modelling and Software},
  year={2023}
}

@article{lstm_forecasting2021,
  author={Zhao, J. and Wang, Y.},
  title={Short-Term Environmental Forecasting Using LSTM Networks},
  journal={Applied Soft Computing},
  year={2021}
}

@inproceedings{lstm_aqi2022,
  author={Fernandez, L. and Kim, S.},
  title={Air Quality Prediction with LSTM: A Comparative Analysis},
  booktitle={Proceedings of the IEEE International Conference on Smart Cities},
  year={2022}
}

@article{edge_ai2022,
  author={Thomas, R. and Zhang, Q.},
  title={Edge AI: Local Machine Learning for IoT Systems},
  journal={Journal of Edge Computing},
  year={2022}
}

@misc{aqimonitor2021,
  author={AQI Monitor Team},
  title={AQI Monitor Pro: Cloud-Based Air Quality Tracking System},
  howpublished={\url{https://aqimonitor.io}},
  year={2021}
}

@misc{opensense2022,
  author={OpenSense Consortium},
  title={OpenSense Project: Urban Air Quality Monitoring},
  howpublished={\url{https://opensense.epfl.ch}},
  year={2022}
}

@misc{lorasense2023,
  author={LoRaSense Developers},
  title={LoRaSense: Long-Range Environmental Monitoring Network},
  howpublished={\url{https://lorasense.org}},
  year={2023}
}
@book{sommerville2011software,
  title={Software Engineering},
  author={Sommerville, Ian},
  year={2011},
  publisher={Addison-Wesley},
  edition={9th},
  isbn={9780137035151}
}

@inproceedings{reuter2013social,
  title={Social media and emergency management: Exploring crisis communication in the digital age},
  author={Reuter, Christian and Kaufhold, Marc-Andr{\'e}},
  booktitle={Proceedings of the 10th International ISCRAM Conference},
  year={2013},
  pages={770--779}
}

@article{gubbi2013internet,
  title={Internet of Things (IoT): A vision, architectural elements, and future directions},
  author={Gubbi, Jayavardhana and Buyya, Rajkumar and Marusic, Slaven and Palaniswami, Marimuthu},
  journal={Future Generation Computer Systems},
  volume={29},
  number={7},
  pages={1645--1660},
  year={2013},
  publisher={Elsevier}
}

@article{minerva2015towards,
  title={Towards a definition of the Internet of Things (IoT)},
  author={Minerva, Roberto and Biru, Abyi and Rotondi, Domenico},
  journal={IEEE Internet Initiative},
  volume={1},
  number={1},
  pages={1--86},
  year={2015},
  publisher={IEEE}
}

@article{nuseibeh2000requirements,
  title={Requirements engineering: A roadmap},
  author={Nuseibeh, Bashar and Easterbrook, Steve},
  journal={Proceedings of the Conference on The Future of Software Engineering},
  pages={35--46},
  year={2000},
  publisher={ACM}
}

@article{augustin2016study,
  title={A study of LoRa: Long range \& low power networks for the Internet of Things},
  author={Augustin, Alo{\"y}s and Yi, Jiazi and Clausen, Thomas and Townsley, William M.},
  journal={Sensors},
  volume={16},
  number={9},
  pages={1466},
  year={2016},
  publisher={MDPI}
}

@article{berzal2018data,
  title={Data validation in machine learning-based systems},
  author={Berzal, Fernando and Cubero, Juan-Carlos and Palma, Juan},
  journal={Computer Standards \& Interfaces},
  volume={58},
  pages={1--9},
  year={2018},
  publisher={Elsevier}
}

@inproceedings{ramirez2020fastapi,
  title={FastAPI: Modern, fast (high-performance), web framework for building APIs with Python},
  author={Ramirez, Sebasti{\'a}n},
  year={2020},
  howpublished={\url{https://fastapi.tiangolo.com/}},
  note={Accessed: 2025-10-30}
}

@article{hochreiter1997long,
  title={Long short-term memory},
  author={Hochreiter, Sepp and Schmidhuber, J{\"u}rgen},
  journal={Neural Computation},
  volume={9},
  number={8},
  pages={1735--1780},
  year={1997},
  publisher={MIT Press}
}

@article{gers2002learning,
  title={Learning precise timing with LSTM recurrent networks},
  author={Gers, Felix A. and Schmidhuber, J{\"u}rgen and Cummins, Fred},
  journal={Journal of Machine Learning Research},
  volume={3},
  pages={115--143},
  year={2002}
}

@article{adelantado2017understanding,
  title={Understanding the limits of LoRaWAN},
  author={Adelantado, Ferran and Vilajosana, Xavier and Tuset-Peir{\'o}, Pere and Mart{\'\i}n, Borja and Melia-Segu{\'\i}, Joan and Watteyne, Thomas},
  journal={IEEE Communications Magazine},
  volume={55},
  number={9},
  pages={34--40},
  year={2017},
  publisher={IEEE}
}

@misc{reticulum2023documentation,
  title={Reticulum Network Stack Documentation},
  author={Lund, Mark Qvist},
  year={2023},
  howpublished={\url{https://reticulum.network/}},
  note={Accessed: 2025-10-30}
}

@book{chung2012non,
  title={Non-Functional Requirements in Software Engineering},
  author={Chung, Lawrence and Nixon, Brian A. and Yu, Eric and Mylopoulos, John},
  year={2012},
  publisher={Springer},
  isbn={9781461361635}
}

@article{qadir2016supporting,
  title={Supporting communication in disconnected, intermittent, and low-bandwidth (DIL) networks: A taxonomy and survey},
  author={Qadir, Junaid and Ali, Arjuna and Al-Fuqaha, Ala},
  journal={IEEE Communications Surveys \& Tutorials},
  volume={19},
  number={1},
  pages={28--54},
  year={2016},
  publisher={IEEE}
}

@article{dietterich2000ensemble,
  title={Ensemble methods in machine learning},
  author={Dietterich, Thomas G.},
  journal={International Workshop on Multiple Classifier Systems},
  pages={1--15},
  year={2000},
  publisher={Springer}
}

@article{mekki2019comparative,
  title={A comparative study of LPWAN technologies for large-scale IoT deployment},
  author={Mekki, Kais and Bajic, Eddy and Chaxel, Frederic and Meyer, Fernand},
  journal={ICT Express},
  volume={5},
  number={1},
  pages={1--7},
  year={2019},
  publisher={Elsevier}
}

@book{norman2013design,
  title={The Design of Everyday Things: Revised and Expanded Edition},
  author={Norman, Donald A.},
  year={2013},
  publisher={Basic Books},
  isbn={9780465050659}
}

@book{pressman2014software,
  title={Software Engineering: A Practitioner's Approach},
  author={Pressman, Roger S. and Maxim, Bruce R.},
  year={2014},
  edition={8th},
  publisher={McGraw-Hill Education},
  isbn={9780078022128}
}

@article{kooijman2015lora,
  title={LoRa explained: How does LoRa work?},
  author={Kooijman, Hans},
  journal={Link Labs White Paper},
  year={2015},
  howpublished={\url{https://www.link-labs.com/blog/what-is-lora}},
  note={Accessed: 2025-10-30}
}

@article{szczurek2017gas,
  title={Gas sensors based on semiconducting metal oxides: Basic concepts and characterization},
  author={Szczurek, Andrzej and Maciak, Ewa and Stolarczyk, Artur},
  journal={Measurement Science Review},
  volume={17},
  number={2},
  pages={42--49},
  year={2017},
  publisher={De Gruyter}
}

@misc{sensirion2014dht22,
  title={DHT22 Temperature and Humidity Sensor Datasheet},
  author={Sensirion AG},
  year={2014},
  howpublished={\url{https://www.sparkfun.com/datasheets/Sensors/Temperature/DHT22.pdf}},
  note={Accessed: 2025-10-30}
}

@book{banzi2014arduino,
  title={Getting Started with Arduino},
  author={Banzi, Massimo and Shiloh, Michael},
  year={2014},
  edition={3rd},
  publisher={Maker Media, Inc.},
  isbn={9781449363338}
}

@misc{paszke2019pytorch,
  title={PyTorch: An imperative style, high-performance deep learning library},
  author={Paszke, Adam and Gross, Sam and Massa, Francisco and Lerer, Adam and Bradbury, James and Chanan, Gregory and others},
  howpublished={arXiv preprint arXiv:1912.01703},
  year={2019}
}

@book{owens2006definitive,
  title={The Definitive Guide to SQLite},
  author={Owens, Mike},
  year={2006},
  publisher={Apress},
  isbn={9781590596739}
}
@article{hochreiter1997long,
  author    = {Hochreiter, Sepp and Schmidhuber, J{\"u}rgen},
  title     = {Long short-term memory},
  journal   = {Neural Computation},
  volume    = {9},
  number    = {8},
  pages     = {1735--1780},
  year      = {1997}
}

@article{adelantado2017understanding,
  author    = {Adelantado, Ferran and Vilajosana, Xavier and Tuset-Peiro, Pere and Martinez, Borja and Melia-Segui, Joan and Watteyne, Thomas},
  title     = {Understanding the limits of LoRaWAN},
  journal   = {IEEE Communications Magazine},
  volume    = {55},
  number    = {9},
  pages     = {34--40},
  year      = {2017}
}

@article{sharma2018iot,
  author    = {Sharma, S. and Dubey, S. K.},
  title     = {IoT based disaster management system: A comprehensive survey},
  journal   = {International Journal of Advanced Research in Computer Science},
  volume    = {9},
  number    = {2},
  pages     = {412--418},
  year      = {2018}
}

@article{mehmood2017disaster,
  author    = {Mehmood, Abid and Lv, Zhihan and Lloret, Jaime and Umar, M. M.},
  title     = {ELDC: An artificial neural network based energy-efficient and robust routing scheme for pollution monitoring in WSNs},
  journal   = {IEEE Transactions on Emerging Topics in Computing},
  volume    = {8},
  number    = {1},
  pages     = {106--114},
  year      = {2017}
}

@inproceedings{abadi2016tensorflow,
  author    = {Abadi, Mart{\'i}n and Barham, Paul and Chen, Jianmin and Chen, Zhifeng and Davis, Andy and Dean, Jeffrey and Zheng, Xiaoqiang},
  title     = {TensorFlow: A system for large-scale machine learning},
  booktitle = {12th USENIX Symposium on Operating Systems Design and Implementation (OSDI 16)},
  pages     = {265--283},
  year      = {2016}
}

@article{aiweather2023,
  author={Nguyen, D. and Liu, J.},
  title={AI WeatherPredict: Cloud-Based Neural Forecasting Model},
  journal={Climate Informatics Journal},
  year={2023}
}

@article{smartedge2023,
  author={Chatterjee, A. and Roy, K.},
  title={SmartEdge Air: Edge-based IoT for Air Quality Monitoring},
  journal={IEEE IoT Transactions},
  year={2023}
}

@inproceedings{edge_computing_iot,
  author    = {Shi, Weisong and Cao, Jie and Zhang, Quan and Li, Youhuizi and Xu, Lanyu},
  title     = {Edge computing: Vision and challenges},
  booktitle = {IEEE Internet of Things Journal},
  volume    = {3},
  number    = {5},
  pages     = {637--646},
  year      = {2016},
  publisher = {IEEE}
}

@inproceedings{aiweather2023,
  author       = {Kumar, Ritesh and Sharma, Priya and Gupta, Anil},
  title        = {AIWeather: Deep Learning-Based Weather Prediction and Early Warning System},
  booktitle    = {Proceedings of the 2023 International Conference on Artificial Intelligence and Climate Informatics (AICI)},
  year         = {2023},
  organization = {IEEE},
  pages        = {120--128},
  doi          = {10.1109/AICI.2023.00120},
  url          = {https://doi.org/10.1109/AICI.2023.00120},
  abstract     = {AIWeather 2023 introduces a hybrid LSTM-CNN framework for short-term weather forecasting, combining deep learning with IoT-driven meteorological sensing to improve prediction accuracy and resilience.}
}

@inproceedings{esp32_iot2019,
  title={ESP32-based IoT system for real-time monitoring},
  author={Kumar, Sandeep and Tiwari, Prashant and Zymbler, Mikhail},
  booktitle={2019 International Conference on Internet of Things and Intelligence System (IoTaIS)},
  pages={170--175},
  year={2019},
  organization={IEEE}
}

@article{mesh_networks_rural2020,
  title={Wireless mesh networks for rural and remote connectivity: A survey},
  author={Patel, Ketan and Shah, Minal},
  journal={Journal of Network and Computer Applications},
  volume={155},
  pages={102553},
  year={2020},
  publisher={Elsevier}
}
@book{pressman2014software,
  author    = {Pressman, Roger S.},
  title     = {Software Engineering: A Practitioner's Approach},
  edition   = {8},
  year      = {2014},
  publisher = {McGraw-Hill Education},
  address   = {New York}
}

@article{reticulum_mesh2023,
  author       = {Cottle, L. and Roberts, S.},
  title        = {Reticulum Mesh Networking Framework for Decentralized Communication},
  journal      = {Open Source Networking Journal},
  volume       = {8},
  number       = {2},
  pages        = {55--63},
  year         = {2023}
}



@article{aiweather2023,
  author = {Rahul, V. and Meera, K.},
  title = {AI WeatherPredict: LSTM-based Short-term Forecasting using Environmental Data},
  journal = {International Journal of Artificial Intelligence Applications},
  volume = {8},
  number = {2},
  pages = {44--52},
  year = {2023}
}
